

@InProceedings{franke02:futex,
  author =       {Hubertus Franke and Rusty Russell and Matthew Kirkwood},
  title =        {Fuss, Futexes and Furwocks: Fast Userlevel Locking in {L}inux},
  booktitle = {Ottawa Linux Symposium},
  year =      2002,
  url = {https://www.kernel.org/doc/ols/2002/ols2002-pages-479-495.pdf},
  }


@Misc{drepper11:futex,
  author =    {Ulrich Drepper},
  title =     {Futexes are tricky},
  year =      2011,
  url = {http://www.akkadia.org/drepper/futex.pdf},
  }



@Misc{lockless:mutex_condit_variab_futex,
  author =    {Lockless Inc.},
  title =     {Mutexes and Condition Variables using Futexes},
  year =      2010,
  url = {http://locklessinc.com/articles/mutex_cv_futex/},
  }

@Misc{molnar06:robust_futex,
  author =    {Ingo Molnar},
  title =     {Robust Futexes},
  url = {https://www.kernel.org/doc/Documentation/robust-futexes.txt},
  year =      2006,
}


